@article{gonz,
  title={?` Pueden los rendimientos de las acciones del Dow 30 ser pronosticadas por b{\'u}squedas en internet?},
  author={Gonz{\'a}lez Guerra, Carlos Aranda},
  year={2016},
  publisher={El Autor}
}


@article{nakamoto2008bitcoin,
  title={Bitcoin},
  author={Nakamoto, Satoshi and Others},
  journal={A peer-to-peer electronic cash system},
  year={2008}
}

@article{buscadores,
  title={Los 11 mejores buscadores de internet},
  author={Rosario Peir{\'o}},
  journal={Economipedia},
  year={2021}
}




@article{preis2013quantifying,
  title={Quantifying trading behavior in financial markets using Google Trends},
  author={Preis, Tobias and Moat, Helen Susannah and Stanley, H Eugene},
  journal={Scientific reports},
  volume={3},
  number={1},
  pages={1--6},
  year={2013},
  publisher={Nature Publishing Group}
}




@article{ospina2014aplicacion,
  title={Aplicaci{\'o}n de los modelos gArch a la estimacion del Var de acciones colombianas},
  author={Ospina-D’Aleman, Federico and Giraldo-S{\'a}nchez, David Alejandro and others},
  year={2014},
  publisher={Administrativa, Financiera, Sistemas y Computaci{\'o}n}
}



@article{villada2012aplicacion,
  title={Aplicaci{\'o}n de las Redes Neuronales al Pron{\'o}stico de Precios en el Mercado de Valores},
  author={Villada, Fernando and Mu{\~n}oz, Nicol{\'a}s and Garc{\'\i}a, Edwin},
  journal={Informaci{\'o}n tecnol{\'o}gica},
  volume={23},
  number={4},
  pages={11--20},
  year={2012},
  publisher={Centro de Informaci{\'o}n Tecnol{\'o}gica}
}
	


@article{cruz2009pronostico,
  title={Pron{\'o}stico del {\'\i}ndice general de la Bolsa de Valores de Colombia usando redes neuronales},
  author={Cruz, Eduardo Arturo and Restrepo, Jorge Hern{\'a}n and Varela, Pedro Medina},
  journal={Scientia et technica},
  volume={1},
  number={41},
  year={2009}
}


@article{simi2017pronostico,
  title={PRON{\'O}STICO DEL PRECIO DE ACCIONES DE LA BANCA CHILENA MEDIANTE REDES NEURONALES ARTIFICIALES},
  author={Simi Salinas, Stefano Andr{\'e}s},
  year={2017}
}


@article{izaurieta2000redes,
  title={Redes neuronales artificiales},
  author={Izaurieta, Fernando and Saavedra, Carlos},
  journal={Departamento de F{\'\i}sica, Universidad de Concepci{\'o}n Chile},
  year={2000}
}

%--------------------------

@book{eberhart2014neural,
  title={Neural network PC tools: a practical guide},
  author={Eberhart, Russell C},
  year={2014},
  publisher={Academic Press}
}

@incollection{hecht1992theory,
  title={Theory of the backpropagation neural network},
  author={Hecht-Nielsen, Robert},
  booktitle={Neural networks for perception},
  pages={65--93},
  year={1992},
  publisher={Elsevier}
}

@article{rowley1998neural,
  title={Neural network-based face detection},
  author={Rowley, Henry A and Baluja, Shumeet and Kanade, Takeo},
  journal={IEEE Transactions on pattern analysis and machine intelligence},
  volume={20},
  number={1},
  pages={23--38},
  year={1998},
  publisher={IEEE}
}


@book{dayhoff1990neural,
  title={Neural network architectures: an introduction},
  author={Dayhoff, Judith E},
  year={1990},
  publisher={Van Nostrand Reinhold Co.}
}


@article{kalchbrenner2014convolutional,
  title={A convolutional neural network for modelling sentences},
  author={Kalchbrenner, Nal and Grefenstette, Edward and Blunsom, Phil},
  journal={arXiv preprint arXiv:1404.2188},
  year={2014}
}

@article{beale2010neural,
  title={Neural network toolbox},
  author={Beale, Mark Hudson and Hagan, Martin T and Demuth, Howard B},
  journal={User’s Guide, MathWorks},
  volume={2},
  pages={77--81},
  year={2010}
}


%-----------Referencias nuevas de la nueva tesis-------------------

@article{a0,
  title={La eficiencia y el equilibrio en los mercados de capital},
  author={Alejandro, CV},
  journal={An{\'a}lisis financiero},
  number={64},
  pages={76--89},
  year={1994}
}


@article{a1,
  title={ Proof that Properly Anticipated Prices Fluctuate Randomly},
  author={Samuelson},
  journal={Industrial Mangement Review},
  volume={2},
  pages={41--49},
  year={1965}
}


@article{a2,
  title={Statistical versus clinical prediction of the stock market},
  author={Roberts, Harry},
  journal={Unpublished manuscript},
  year={1967}
}




@incollection{a4,
  title={Efficient market hypothesis},
  author={Malkiel, Burton G},
  booktitle={Finance},
  pages={127--134},
  year={1989},
  publisher={Springer}
}

@article{a5,
  title={Luck versus skill in the cross-section of mutual fund returns},
  author={Fama, Eugene F and French, Kenneth R},
  journal={The journal of finance},
  volume={65},
  number={5},
  pages={1915--1947},
  year={2010},
  publisher={Wiley Online Library}
}



@article{a6,
  title={On the impossibility of informationally efficient markets},
  author={Grossman, Sanford J and Stiglitz, Joseph E},
  journal={The American economic review},
  volume={70},
  number={3},
  pages={393--408},
  year={1980},
  publisher={JSTOR}
}




@article{a7,
  title={La teor{\'\i}a de los mercados de capitales eficientes. Un examen cr{\'\i}tico},
  author={Hyme, Pauline},
  journal={Cuadernos de Econom{\'\i}a},
  volume={22},
  number={39},
  pages={57--83},
  year={2003},
  publisher={Cuadernos de Econom{\'\i}a, Facultad de Ciencias Econ{\'o}micas, Universidad Nacional~…}
}


@article{a8,
  title={Some anomalous evidence regarding market efficiency},
  author={Jensen, Michael C},
  journal={Journal of financial economics},
  volume={6},
  number={2/3},
  pages={95--101},
  year={1978}
}

@article{a9,
  title={Theory of Speculation (Theorie de la Speculation, Annals de l'Ecole Normale Superieure, 3, Paris: Gauthier-Villars)},
  author={Bachelier, L},
  journal={International library of critical writings in economics},
  volume={93},
  pages={36--97},
  year={1999},
  publisher={EDWARD ELGAR PUBLISHING LTD}
}



@article{a10,
  title={Efficient capital markets: A review of theory and empirical work},
  author={Fama, Eugene F},
  journal={The journal of Finance},
  volume={25},
  number={2},
  pages={383--417},
  year={1970},
  publisher={JSTOR}
}



@article{a11,
  title={The general theory of employment},
  author={Keynes, John Maynard},
  journal={The quarterly journal of economics},
  volume={51},
  number={2},
  pages={209--223},
  year={1937},
  publisher={MIT press}
}


@book{a12,
  title={Teor{\'\i}a general de la ocupaci{\'o}n, el inter{\'e}s y el dinero},
  author={Keynes, John Maynard},
  year={2014},
  publisher={Fondo de cultura econ{\'o}mica}
}



@article{b1,
  title={Revisando la hip{\'o}tesis de los mercados eficientes: nuevos datos, nuevas crisis y nuevas estimaciones},
  author={Uribe Gil, Jorge Mario and Ulloa Villegas, In{\'e}s Mar{\'\i}a},
  journal={Cuadernos de Econom{\'\i}a},
  volume={30},
  number={55},
  pages={127--154},
  year={2011},
  publisher={Cuadernos de Econom{\'\i}a, Facultad de Ciencias Econ{\'o}micas, Universidad Nacional~…}
}


@article{c1,
  title={Banking, financial intermediation and corporate finance},
  author={Hellwig, Martin},
  journal={European financial integration},
  volume={35},
  pages={63},
  year={1991},
  publisher={Cambridge University Press Cambridge}
}


@book{c2,
  title={Microeconomics of banking},
  author={Freixas, Xavier and Rochet, Jean-Charles},
  year={2008},
  publisher={MIT press}
}